<record><leader>00000cas a22000007a 4500</leader><controlfield tag="001">17358744</controlfield><controlfield tag="008">880119d18861904ohuwr ne      0    0eng d</controlfield><datafield ind1=" " ind2=" " tag="010"><subfield code="a">sn 88078191 </subfield></datafield><datafield ind1=" " ind2=" " tag="040"><subfield code="a">ONP</subfield><subfield code="b">eng</subfield><subfield code="c">ONP</subfield><subfield code="d">OCLCQ</subfield></datafield><datafield ind1=" " ind2=" " tag="042"><subfield code="a">msc</subfield></datafield><datafield ind1="0" ind2="4" tag="245"><subfield code="a">The Weekly times recorder.</subfield></datafield><datafield ind1=" " ind2=" " tag="260"><subfield code="a">Zanesville, Ohio :</subfield><subfield code="b">Times Recorder Co.,</subfield><subfield code="c">-1904.</subfield></datafield><datafield ind1=" " ind2=" " tag="310"><subfield code="a">Weekly</subfield></datafield><datafield ind1="1" ind2=" " tag="362"><subfield code="a">Began in Jan. 1886.</subfield></datafield><datafield ind1="0" ind2=" " tag="362"><subfield code="a">-20th year, no. 35 (Sept. 1, 1904).</subfield></datafield><datafield ind1=" " ind2=" " tag="580"><subfield code="a">Daily eds. : Zanesville daily times recorder, Zanesville times recorder.</subfield></datafield><datafield ind1=" " ind2=" " tag="588"><subfield code="a">Description based on: Feb. 6, 1890 issue.</subfield></datafield><datafield ind1=" " ind2=" " tag="752"><subfield code="a">United States</subfield><subfield code="b">Ohio</subfield><subfield code="c">Muskingum</subfield><subfield code="d">Zanesville.</subfield></datafield><datafield ind1="1" ind2=" " tag="775"><subfield code="t">Zanesville daily times recorder</subfield><subfield code="w">(DLC)sn 88078194</subfield></datafield><datafield ind1="1" ind2=" " tag="775"><subfield code="t">Zanesville times recorder</subfield><subfield code="w">(DLC)sn 88078193</subfield></datafield><datafield ind1="0" ind2="0" tag="780"><subfield code="t">Weekly times recorder and visitor</subfield></datafield></record>